% Encoding: UTF-8

@Article{nummath,
  author  = {Lloyd Trefethen},
  title   = {The definition of numerical analysis},
  journal = {SIAM News},
  year    = {1992},
}

@Booklet{fraktal,
  title = {Fraktal},
  url   = {https://de.wikipedia.org/wiki/Fraktal},
}

@Misc{fractal_mandelbrot,
  author = {Wolfgang Beyer},
  url    = {https://de.wikipedia.org/wiki/Datei:Mandelbrot_set_with_coloured_environment.png},
}

@Misc{fractal_romanesco,
  author = {Maksim},
  url    = {https://de.wikipedia.org/wiki/Datei:Romanesco.jpg},
}

@Misc{animegen,
  url    = {https://toolson.net/GifAnimation/Create},
}

@Misc{source,
howpublished = {\url{https://github.com/Jery77/Simulation_Prog/tree/master/src}},
note = {Accessed Juni 4, 2017},
title = {Newton Fraktale Visualisierung},
author = {Yaroslav Nalivayko}
}

@Book{frak_cha,
  title     = {Fraktale, Chaosund Selbst√§hnlichkeit},
  publisher = {Spektrum},
  year      = {1994},
  author    = {Manfred Schroeder},
  editor    = {Markus Schlierf},
}

@Comment{jabref-meta: databaseType:bibtex;}

%% Dies ist ein Beispiel fuer BibTex-Dateien
%%
%% Im folgenden sind einige Beispiele und Templates gegeben.
%%
%% 
%% Der generelle Aufbau eines Bibtex-Eintrags ist folgender:
%%
%% <AT>Eintragstyp{label,
%%     erstesFeld = {Inhalt},
%%     zweitesFeld = "Inhalt",
%%     ...
%%     n-tesFeld = {Inhalt},
%% }
%%
%%
%% WARNUNG: Es werden nur diejenigen Eintraege in die Literaturliste aufgenommen,
%% die im Text mit \cite{label} referenziert wurden!
%%
%%
%% Die Namen der Felder eines Eintrags sollten selbsterklaerend sein.
%% Bei den Inhalten geht sowohl die Schreibweise mit {} als auch mit ""
%% Alle Zeilen der Felder muessen mit Komma abgeschlossen werden.
%%
%% Generell sollten mindestens alle Felder, die nicht mit OPT
%% als optional gekennzeichnet sind, ausgefuellt werden.
%% Bei optionalen Feldern muessen die 3 Buchstaben "OPT" geloescht werden, 
%% sonst wird das Feld nicht genommen!
%%
%%
%% Die wichtigsten Eintragstypen sind:
%%
%% Article: Aufsatz in einer Fachzeitschrift
%% InProceedings: Konferenzbeitrag in einem Sammelband
%% Techreport : Technischer Bericht
%% Book: klassische Monographie
%% PhDThesis: Doktorarbeit
%% MastersThesis: sonstige Abschlussarbeit
%% Misc: Fuer alles, was sonstwie veroeffentlicht wurde
